<record><leader>00000cas a22000007a 4500</leader><controlfield tag="001">16717295</controlfield><controlfield tag="007">hd afu---baca</controlfield><controlfield tag="008">870918d19061906ctudr n a     0   c0rusod</controlfield><datafield ind1=" " ind2=" " tag="010"><subfield code="a">sn 87044210 </subfield></datafield><datafield ind1=" " ind2=" " tag="040"><subfield code="a">HLS</subfield><subfield code="b">eng</subfield><subfield code="c">HLS</subfield><subfield code="d">HUL</subfield><subfield code="d">OKU</subfield><subfield code="d">OCLCQ</subfield><subfield code="d">OCLCO</subfield><subfield code="d">OCLCF</subfield><subfield code="d">OCLCO</subfield><subfield code="d">OCLCQ</subfield></datafield><datafield ind1=" " ind2=" " tag="012"><subfield code="i">8709</subfield></datafield><datafield ind1=" " ind2=" " tag="042"><subfield code="a">msc</subfield></datafield><datafield ind1=" " ind2=" " tag="043"><subfield code="a">e-ru---</subfield></datafield><datafield ind1="0" ind2=" " tag="130"><subfield code="a">Dvadt&#65056;s&#65057;atyi&#774; vek (Leningrad, R.S.F.S.R.)</subfield></datafield><datafield ind1="1" ind2="0" tag="245"><subfield code="a">Dvadt&#65056;s&#65057;atyi&#774; vek.</subfield></datafield><datafield ind1=" " ind2=" " tag="260"><subfield code="a">[Sanktpeterburg] :</subfield><subfield code="b">M.M. Koi&#65056;a&#65057;lovich,</subfield><subfield code="c">1906.</subfield></datafield><datafield ind1=" " ind2=" " tag="300"><subfield code="a">1 volume</subfield></datafield><datafield ind1=" " ind2=" " tag="310"><subfield code="a">Daily</subfield></datafield><datafield ind1=" " ind2=" " tag="336"><subfield code="a">text</subfield><subfield code="b">txt</subfield><subfield code="2">rdacontent</subfield></datafield><datafield ind1=" " ind2=" " tag="337"><subfield code="a">microform</subfield><subfield code="b">h</subfield><subfield code="2">rdamedia</subfield></datafield><datafield ind1=" " ind2=" " tag="338"><subfield code="a">microfilm reel</subfield><subfield code="b">hd</subfield><subfield code="2">rdacarrier</subfield></datafield><datafield ind1="1" ind2=" " tag="362"><subfield code="a">No. 1 (25 marta (7 apr.) 1906 g.)-no. 120 (1 (14) avg. 1906 g.).</subfield></datafield><datafield ind1=" " ind2=" " tag="500"><subfield code="a">Filmed with: Dal&#697;nevostochnoe obozrenie.</subfield></datafield><datafield ind1=" " ind2=" " tag="533"><subfield code="a">Microfilm.</subfield><subfield code="b">Woodbridge, Conn. :</subfield><subfield code="c">Research Publications, Inc.,</subfield><subfield code="d">[19--].</subfield><subfield code="e">1 microfilm reel ; 35 mm.</subfield><subfield code="f">(Newspapers from the Russian revolutionary era ; unit 3).</subfield></datafield><datafield ind1=" " ind2="0" tag="651"><subfield code="a">Saint Petersburg (Russia)</subfield><subfield code="v">Newspapers.</subfield></datafield><datafield ind1=" " ind2="7" tag="651"><subfield code="a">Russia (Federation)</subfield><subfield code="z">Saint Petersburg.</subfield><subfield code="2">fast</subfield><subfield code="0">(OCoLC)fst01212867</subfield></datafield><datafield ind1=" " ind2="7" tag="655"><subfield code="a">Newspapers.</subfield><subfield code="2">fast</subfield><subfield code="0">(OCoLC)fst01423814</subfield></datafield><datafield ind1="0" ind2="0" tag="780"><subfield code="t">Molva (Leningrad, R.S.F.S.R. : 1905)</subfield></datafield><datafield ind1="0" ind2="0" tag="785"><subfield code="t">Oko</subfield></datafield><datafield ind1=" " ind2="0" tag="830"><subfield code="a">Newspapers from the Russian revolutionary era ;</subfield><subfield code="v">unit 3.</subfield></datafield><datafield ind1=" " ind2=" " tag="850"><subfield code="a">MH</subfield></datafield><datafield ind1="1" ind2=" " tag="029"><subfield code="a">AU@</subfield><subfield code="b">000025809018</subfield></datafield></record>